% references to chapters in books
@incollection{Feigenbaum:ea:1980,
  title={The literature review: its role within research},
  booktitle={EXPERT SYSTEMS IN THE 1980s},
  author={Feigenbaum},
  year={1980},
  publisher={Standford University},
  chapter={1},
  pages={2},
  url={https://stacks.stanford.edu/file/druid:vf069sz9374/vf069sz9374.pdf}
}


@article{PET:2021,
author = {Toosi, Amirhosein and Bottino, Andrea and Saboury, Babak and Rahmim, Arman},
year = {2021},
month = {09},
pages = {},
title = {A Brief History of AI: How to Prevent Another Winter (A Critical Review)},
volume = {16},
journal = {PET Clinics},
doi = {10.1016/j.cpet.2021.07.001}
}

% reference to entire book
@book{Washington:2006,
  title={The History of Artificial Intelligence},
  author={Smith, Chris and McGuire, Brian and Huang, Ting and Yang, Gary},
  year={2006},
  publisher={University of Washington
},
  url={https://courses.cs.washington.edu/courses/csep590/06au/projects/history-ai.pdf}
}


